<record><leader>00000cas a22000007a 4500</leader><controlfield tag="001">10983574</controlfield><controlfield tag="008">840725d18551873inuwr ne      0    0eng d</controlfield><datafield ind1=" " ind2=" " tag="010"><subfield code="a">sn 84027267 </subfield></datafield><datafield ind1=" " ind2=" " tag="040"><subfield code="a">NPU</subfield><subfield code="b">eng</subfield><subfield code="c">NPU</subfield><subfield code="d">NPX</subfield><subfield code="d">NPI</subfield><subfield code="d">OCLCQ</subfield></datafield><datafield ind1=" " ind2=" " tag="042"><subfield code="a">msc</subfield></datafield><datafield ind1="0" ind2=" " tag="130"><subfield code="a">Democratic standard (Anderson, Ind.)</subfield></datafield><datafield ind1="1" ind2="4" tag="245"><subfield code="a">The Democratic standard.</subfield></datafield><datafield ind1=" " ind2=" " tag="260"><subfield code="a">Anderson, Ind. :</subfield><subfield code="b">G.H. Henderson,</subfield><subfield code="c">1855-</subfield></datafield><datafield ind1=" " ind2=" " tag="300"><subfield code="a">v. :</subfield><subfield code="b">ill. (chiefly advertisements) ;</subfield><subfield code="c">61 cm.</subfield></datafield><datafield ind1=" " ind2=" " tag="310"><subfield code="a">Weekly</subfield></datafield><datafield ind1="0" ind2=" " tag="362"><subfield code="a">Vol. 1, no. 1 (Feb. 3, 1855)-</subfield></datafield><datafield ind1="1" ind2=" " tag="362"><subfield code="a">Ceased in 1873.</subfield></datafield><datafield ind1=" " ind2=" " tag="500"><subfield code="a">Publishers: Thomas W. Cook, 1855-1856; Thomas W. &amp; Ira H. Cook, &lt;1856&gt;; G.H. Henderson, &lt;1857&gt;; Charles T. Barker, 1858-1863; O.C. Willits, &lt;1863&gt;; Calvin C. Moricle, 1863-1864; O.C. Willits, &lt;1864&gt;; F.M. Randall, &lt;1865&gt;; Cook &amp; McCallister, &lt;1866&gt;; Fleming T. Luse, 1866-1873.</subfield></datafield><datafield ind1=" " ind2=" " tag="500"><subfield code="a">"Democratic."</subfield></datafield><datafield ind1=" " ind2=" " tag="752"><subfield code="a">United States</subfield><subfield code="b">Indiana</subfield><subfield code="c">Madison</subfield><subfield code="d">Anderson.</subfield></datafield></record>